[
  {
    "date": "2024-12-31",
    "symbol": "CVNA",
    "reportedCurrency": "USD",
    "cik": "0001690820",
    "filingDate": "2025-02-19",
    "acceptedDate": "2025-02-19 16:16:24",
    "fiscalYear": "2024",
    "period": "FY",
    "revenue": 13673000000,
    "costOfRevenue": 10962000000,
    "grossProfit": 2711000000,
    "researchAndDevelopmentExpenses": 0,
    "generalAndAdministrativeExpenses": 0,
    "sellingAndMarketingExpenses": 0,
    "sellingGeneralAndAdministrativeExpenses": 1709000000,
    "otherExpenses": 0,
    "operatingExpenses": 1709000000,
    "costAndExpenses": 12671000000,
    "netInterestIncome": -651000000,
    "interestIncome": 0,
    "interestExpense": 651000000,
    "depreciationAndAmortization": 305000000,
    "ebitda": 1356000000,
    "ebit": 1051000000,
    "nonOperatingIncomeExcludingInterest": -49000000,
    "operatingIncome": 1002000000,
    "totalOtherIncomeExpensesNet": -602000000,
    "incomeBeforeTax": 400000000,
    "incomeTaxExpense": -4000000,
    "netIncomeFromContinuingOperations": 404000000,
    "netIncomeFromDiscontinuedOperations": 0,
    "otherAdjustmentsToNetIncome": 0,
    "netIncome": 210000000,
    "netIncomeDeductions": 0,
    "bottomLineNetIncome": 210000000,
    "eps": 1.72,
    "epsDiluted": 1.59,
    "weightedAverageShsOut": 122344000,
    "weightedAverageShsOutDil": 132205999
  },
  {
    "date": "2023-12-31",
    "symbol": "CVNA",
    "reportedCurrency": "USD",
    "cik": "0001690820",
    "filingDate": "2024-02-22",
    "acceptedDate": "2024-02-22 16:19:06",
    "fiscalYear": "2023",
    "period": "FY",
    "revenue": 10771000000,
    "costOfRevenue": 9230000000,
    "grossProfit": 1541000000,
    "researchAndDevelopmentExpenses": 0,
    "generalAndAdministrativeExpenses": 0,
    "sellingAndMarketingExpenses": 0,
    "sellingGeneralAndAdministrativeExpenses": 1606000000,
    "otherExpenses": 0,
    "operatingExpenses": 1606000000,
    "costAndExpenses": 10836000000,
    "netInterestIncome": -632000000,
    "interestIncome": 0,
    "interestExpense": 632000000,
    "depreciationAndAmortization": 352000000,
    "ebitda": 1159000000,
    "ebit": 807000000,
    "nonOperatingIncomeExcludingInterest": -872000000,
    "operatingIncome": -65000000,
    "totalOtherIncomeExpensesNet": 240000000,
    "incomeBeforeTax": 175000000,
    "incomeTaxExpense": 25000000,
    "netIncomeFromContinuingOperations": 150000000,
    "netIncomeFromDiscontinuedOperations": 0,
    "otherAdjustmentsToNetIncome": 0,
    "netIncome": 450000000,
    "netIncomeDeductions": 0,
    "bottomLineNetIncome": 450000000,
    "eps": 4.12,
    "epsDiluted": 4.12,
    "weightedAverageShsOut": 109323000,
    "weightedAverageShsOutDil": 109323000
  },
  {
    "date": "2022-12-31",
    "symbol": "CVNA",
    "reportedCurrency": "USD",
    "cik": "0001690820",
    "filingDate": "2023-02-23",
    "acceptedDate": "2023-02-23 16:23:02",
    "fiscalYear": "2022",
    "period": "FY",
    "revenue": 13604000000,
    "costOfRevenue": 12603000000,
    "grossProfit": 1001000000,
    "researchAndDevelopmentExpenses": 0,
    "generalAndAdministrativeExpenses": 0,
    "sellingAndMarketingExpenses": 0,
    "sellingGeneralAndAdministrativeExpenses": 2491000000,
    "otherExpenses": 0,
    "operatingExpenses": 2491000000,
    "costAndExpenses": 15094000000,
    "netInterestIncome": -486000000,
    "interestIncome": 0,
    "interestExpense": 486000000,
    "depreciationAndAmortization": 261000000,
    "ebitda": -2146000000,
    "ebit": -2407000000,
    "nonOperatingIncomeExcludingInterest": 917000000,
    "operatingIncome": -1490000000,
    "totalOtherIncomeExpensesNet": -1403000000,
    "incomeBeforeTax": -2893000000,
    "incomeTaxExpense": 1000000,
    "netIncomeFromContinuingOperations": -2894000000,
    "netIncomeFromDiscontinuedOperations": 0,
    "otherAdjustmentsToNetIncome": 0,
    "netIncome": -1587000000,
    "netIncomeDeductions": 0,
    "bottomLineNetIncome": -1587000000,
    "eps": -15.74,
    "epsDiluted": -15.74,
    "weightedAverageShsOut": 100828000,
    "weightedAverageShsOutDil": 100828000
  },
  {
    "date": "2021-12-31",
    "symbol": "CVNA",
    "reportedCurrency": "USD",
    "cik": "0001690820",
    "filingDate": "2022-02-24",
    "acceptedDate": "2022-02-24 16:45:04",
    "fiscalYear": "2021",
    "period": "FY",
    "revenue": 12814000000,
    "costOfRevenue": 10988000000,
    "grossProfit": 1826000000,
    "researchAndDevelopmentExpenses": 0,
    "generalAndAdministrativeExpenses": 0,
    "sellingAndMarketingExpenses": 0,
    "sellingGeneralAndAdministrativeExpenses": 1930000000,
    "otherExpenses": 0,
    "operatingExpenses": 1930000000,
    "costAndExpenses": 12918000000,
    "netInterestIncome": -176000000,
    "interestIncome": 0,
    "interestExpense": 176000000,
    "depreciationAndAmortization": 105000000,
    "ebitda": -5000000,
    "ebit": -110000000,
    "nonOperatingIncomeExcludingInterest": 6000000,
    "operatingIncome": -104000000,
    "totalOtherIncomeExpensesNet": -182000000,
    "incomeBeforeTax": -286000000,
    "incomeTaxExpense": 1000000,
    "netIncomeFromContinuingOperations": -287000000,
    "netIncomeFromDiscontinuedOperations": 0,
    "otherAdjustmentsToNetIncome": 0,
    "netIncome": -135000000,
    "netIncomeDeductions": 0,
    "bottomLineNetIncome": -135000000,
    "eps": -1.63,
    "epsDiluted": -1.63,
    "weightedAverageShsOut": 82805000,
    "weightedAverageShsOutDil": 82805000
  },
  {
    "date": "2020-12-31",
    "symbol": "CVNA",
    "reportedCurrency": "USD",
    "cik": "0001690820",
    "filingDate": "2021-02-25",
    "acceptedDate": "2021-02-25 16:49:00",
    "fiscalYear": "2020",
    "period": "FY",
    "revenue": 5586565000,
    "costOfRevenue": 4864991000,
    "grossProfit": 721574000,
    "researchAndDevelopmentExpenses": 0,
    "generalAndAdministrativeExpenses": 0,
    "sellingAndMarketingExpenses": 0,
    "sellingGeneralAndAdministrativeExpenses": 1053970000,
    "otherExpenses": 0,
    "operatingExpenses": 1053970000,
    "costAndExpenses": 5918961000,
    "netInterestIncome": -131527999,
    "interestIncome": 0,
    "interestExpense": 131527999,
    "depreciationAndAmortization": 73791000,
    "ebitda": -257158000,
    "ebit": -330949000,
    "nonOperatingIncomeExcludingInterest": -1447000,
    "operatingIncome": -332396000,
    "totalOtherIncomeExpensesNet": -130081000,
    "incomeBeforeTax": -462477000,
    "incomeTaxExpense": -255000,
    "netIncomeFromContinuingOperations": -462222000,
    "netIncomeFromDiscontinuedOperations": 0,
    "otherAdjustmentsToNetIncome": 0,
    "netIncome": -171140000,
    "netIncomeDeductions": 0,
    "bottomLineNetIncome": -171140000,
    "eps": -2.63,
    "epsDiluted": -2.63,
    "weightedAverageShsOut": 64980999,
    "weightedAverageShsOutDil": 64980999
  },
  {
    "date": "2019-12-31",
    "symbol": "CVNA",
    "reportedCurrency": "USD",
    "cik": "0001690820",
    "filingDate": "2020-02-26",
    "acceptedDate": "2020-02-26 17:15:56",
    "fiscalYear": "2019",
    "period": "FY",
    "revenue": 3939896000,
    "costOfRevenue": 3473147000,
    "grossProfit": 466749000,
    "researchAndDevelopmentExpenses": 0,
    "generalAndAdministrativeExpenses": 0,
    "sellingAndMarketingExpenses": 0,
    "sellingGeneralAndAdministrativeExpenses": 747052000,
    "otherExpenses": 0,
    "operatingExpenses": 747052000,
    "costAndExpenses": 4220198999,
    "netInterestIncome": -80606000,
    "interestIncome": 0,
    "interestExpense": 80606000,
    "depreciationAndAmortization": 41265000,
    "ebitda": -242768000,
    "ebit": -284033000,
    "nonOperatingIncomeExcludingInterest": 3730000,
    "operatingIncome": -280303000,
    "totalOtherIncomeExpensesNet": -84336000,
    "incomeBeforeTax": -364639000,
    "incomeTaxExpense": 0,
    "netIncomeFromContinuingOperations": -364639000,
    "netIncomeFromDiscontinuedOperations": 0,
    "otherAdjustmentsToNetIncome": 0,
    "netIncome": -114659000,
    "netIncomeDeductions": 0,
    "bottomLineNetIncome": -114659000,
    "eps": -2.45,
    "epsDiluted": -2.45,
    "weightedAverageShsOut": 46847000,
    "weightedAverageShsOutDil": 46847000
  },
  {
    "date": "2018-12-31",
    "symbol": "CVNA",
    "reportedCurrency": "USD",
    "cik": "0001690820",
    "filingDate": "2019-02-27",
    "acceptedDate": "2019-02-27 16:43:12",
    "fiscalYear": "2018",
    "period": "FY",
    "revenue": 1955467000,
    "costOfRevenue": 1781197000,
    "grossProfit": 174270000,
    "researchAndDevelopmentExpenses": 0,
    "generalAndAdministrativeExpenses": 0,
    "sellingAndMarketingExpenses": 0,
    "sellingGeneralAndAdministrativeExpenses": 402819000,
    "otherExpenses": 0,
    "operatingExpenses": 402819000,
    "costAndExpenses": 2184016000,
    "netInterestIncome": -25018000,
    "interestIncome": 0,
    "interestExpense": 25018000,
    "depreciationAndAmortization": 23539000,
    "ebitda": -206188000,
    "ebit": -229727000,
    "nonOperatingIncomeExcludingInterest": 1178000,
    "operatingIncome": -228549000,
    "totalOtherIncomeExpensesNet": -26196000,
    "incomeBeforeTax": -254745000,
    "incomeTaxExpense": 0,
    "netIncomeFromContinuingOperations": -254745000,
    "netIncomeFromDiscontinuedOperations": 0,
    "otherAdjustmentsToNetIncome": 0,
    "netIncome": -55476000,
    "netIncomeDeductions": 0,
    "bottomLineNetIncome": -61062000,
    "eps": -2.03,
    "epsDiluted": -2.03,
    "weightedAverageShsOut": 30043000,
    "weightedAverageShsOutDil": 30043000
  },
  {
    "date": "2017-12-31",
    "symbol": "CVNA",
    "reportedCurrency": "USD",
    "cik": "0001690820",
    "filingDate": "2018-03-06",
    "acceptedDate": "2018-03-06 17:11:54",
    "fiscalYear": "2017",
    "period": "FY",
    "revenue": 858870000,
    "costOfRevenue": 802347000,
    "grossProfit": 56523000,
    "researchAndDevelopmentExpenses": 0,
    "generalAndAdministrativeExpenses": 0,
    "sellingAndMarketingExpenses": 0,
    "sellingGeneralAndAdministrativeExpenses": 211832000,
    "otherExpenses": 0,
    "operatingExpenses": 211832000,
    "costAndExpenses": 1014179000,
    "netInterestIncome": -7659000,
    "interestIncome": 0,
    "interestExpense": 7659000,
    "depreciationAndAmortization": 11568000,
    "ebitda": -145089000,
    "ebit": -156657000,
    "nonOperatingIncomeExcludingInterest": 1348000,
    "operatingIncome": -155309000,
    "totalOtherIncomeExpensesNet": -9007000,
    "incomeBeforeTax": -164316000,
    "incomeTaxExpense": 0,
    "netIncomeFromContinuingOperations": -164316000,
    "netIncomeFromDiscontinuedOperations": 0,
    "otherAdjustmentsToNetIncome": 0,
    "netIncome": -18313000,
    "netIncomeDeductions": 0,
    "bottomLineNetIncome": -19963000,
    "eps": -1.31,
    "epsDiluted": -1.31,
    "weightedAverageShsOut": 15241000,
    "weightedAverageShsOutDil": 15241000
  },
  {
    "date": "2016-12-31",
    "symbol": "CVNA",
    "reportedCurrency": "USD",
    "cik": "0001690820",
    "filingDate": "2016-12-31",
    "acceptedDate": "2016-12-31 00:00:00",
    "fiscalYear": "2016",
    "period": "FY",
    "revenue": 365148000,
    "costOfRevenue": 350609000,
    "grossProfit": 14539000,
    "researchAndDevelopmentExpenses": 0,
    "generalAndAdministrativeExpenses": 0,
    "sellingAndMarketingExpenses": 0,
    "sellingGeneralAndAdministrativeExpenses": 104018000,
    "otherExpenses": 0,
    "operatingExpenses": 104018000,
    "costAndExpenses": 454627000,
    "netInterestIncome": -3587000,
    "interestIncome": 0,
    "interestExpense": 3587000,
    "depreciationAndAmortization": 4658000,
    "ebitda": -84867000,
    "ebit": -89525000,
    "nonOperatingIncomeExcludingInterest": 46000,
    "operatingIncome": -89479000,
    "totalOtherIncomeExpensesNet": -3633000,
    "incomeBeforeTax": -93112000,
    "incomeTaxExpense": 0,
    "netIncomeFromContinuingOperations": -93112000,
    "netIncomeFromDiscontinuedOperations": 0,
    "otherAdjustmentsToNetIncome": 0,
    "netIncome": -10149000,
    "netIncomeDeductions": 0,
    "bottomLineNetIncome": -10149000,
    "eps": -0.68,
    "epsDiluted": -0.68,
    "weightedAverageShsOut": 15000000,
    "weightedAverageShsOutDil": 15000000
  },
  {
    "date": "2015-12-31",
    "symbol": "CVNA",
    "reportedCurrency": "USD",
    "cik": "0001690820",
    "filingDate": "2015-12-31",
    "acceptedDate": "2015-12-31 00:00:00",
    "fiscalYear": "2015",
    "period": "FY",
    "revenue": 130392000,
    "costOfRevenue": 131846000,
    "grossProfit": -1454000,
    "researchAndDevelopmentExpenses": 0,
    "generalAndAdministrativeExpenses": 0,
    "sellingAndMarketingExpenses": 0,
    "sellingGeneralAndAdministrativeExpenses": 33878000,
    "otherExpenses": 0,
    "operatingExpenses": 33878000,
    "costAndExpenses": 165724000,
    "netInterestIncome": -1412000,
    "interestIncome": 0,
    "interestExpense": 1412000,
    "depreciationAndAmortization": 2800000,
    "ebitda": -32568000,
    "ebit": -35368000,
    "nonOperatingIncomeExcludingInterest": 36000,
    "operatingIncome": -35332000,
    "totalOtherIncomeExpensesNet": -1448000,
    "incomeBeforeTax": -36780000,
    "incomeTaxExpense": 0,
    "netIncomeFromContinuingOperations": -36780000,
    "netIncomeFromDiscontinuedOperations": 0,
    "otherAdjustmentsToNetIncome": 0,
    "netIncome": -36780000,
    "netIncomeDeductions": 0,
    "bottomLineNetIncome": -40275000,
    "eps": -2.68,
    "epsDiluted": -2.68,
    "weightedAverageShsOut": 15000000,
    "weightedAverageShsOutDil": 15000000
  }
]