[
  {
    "date": "2024-12-31",
    "symbol": "F",
    "reportedCurrency": "USD",
    "cik": "0000037996",
    "filingDate": "2025-02-06",
    "acceptedDate": "2025-02-05 20:44:08",
    "fiscalYear": "2024",
    "period": "FY",
    "revenue": 184992000000,
    "costOfRevenue": 169486000000,
    "grossProfit": 15506000000,
    "researchAndDevelopmentExpenses": 0,
    "generalAndAdministrativeExpenses": 0,
    "sellingAndMarketingExpenses": 0,
    "sellingGeneralAndAdministrativeExpenses": 10287000000,
    "otherExpenses": 0,
    "operatingExpenses": 10287000000,
    "costAndExpenses": 179773000000,
    "netInterestIncome": 404000000,
    "interestIncome": 1540000000,
    "interestExpense": 1136000000,
    "depreciationAndAmortization": 5867000000,
    "ebitda": 14236000000,
    "ebit": 8369000000,
    "nonOperatingIncomeExcludingInterest": -3150000000,
    "operatingIncome": 5219000000,
    "totalOtherIncomeExpensesNet": 2014000000,
    "incomeBeforeTax": 7233000000,
    "incomeTaxExpense": 1339000000,
    "netIncomeFromContinuingOperations": 5894000000,
    "netIncomeFromDiscontinuedOperations": 0,
    "otherAdjustmentsToNetIncome": 0,
    "netIncome": 5879000000,
    "netIncomeDeductions": 0,
    "bottomLineNetIncome": 5879000000,
    "eps": 1.48,
    "epsDiluted": 1.46,
    "weightedAverageShsOut": 3978000000,
    "weightedAverageShsOutDil": 4021000000
  },
  {
    "date": "2023-12-31",
    "symbol": "F",
    "reportedCurrency": "USD",
    "cik": "0000037996",
    "filingDate": "2024-02-07",
    "acceptedDate": "2024-02-06 19:33:55",
    "fiscalYear": "2023",
    "period": "FY",
    "revenue": 176191000000,
    "costOfRevenue": 160031000000,
    "grossProfit": 16160000000,
    "researchAndDevelopmentExpenses": 0,
    "generalAndAdministrativeExpenses": 0,
    "sellingAndMarketingExpenses": 0,
    "sellingGeneralAndAdministrativeExpenses": 10702000000,
    "otherExpenses": 0,
    "operatingExpenses": 10702000000,
    "costAndExpenses": 170733000000,
    "netInterestIncome": 249000000,
    "interestIncome": 1567000000,
    "interestExpense": 1318000000,
    "depreciationAndAmortization": 6523000000,
    "ebitda": 11808000000,
    "ebit": 5285000000,
    "nonOperatingIncomeExcludingInterest": 173000000,
    "operatingIncome": 5458000000,
    "totalOtherIncomeExpensesNet": -1491000000,
    "incomeBeforeTax": 3967000000,
    "incomeTaxExpense": -362000000,
    "netIncomeFromContinuingOperations": 4329000000,
    "netIncomeFromDiscontinuedOperations": 0,
    "otherAdjustmentsToNetIncome": 0,
    "netIncome": 4347000000,
    "netIncomeDeductions": 0,
    "bottomLineNetIncome": 4347000000,
    "eps": 1.09,
    "epsDiluted": 1.08,
    "weightedAverageShsOut": 3998000000,
    "weightedAverageShsOutDil": 4041000000
  },
  {
    "date": "2022-12-31",
    "symbol": "F",
    "reportedCurrency": "USD",
    "cik": "0000037996",
    "filingDate": "2023-02-03",
    "acceptedDate": "2023-02-02 19:39:34",
    "fiscalYear": "2022",
    "period": "FY",
    "revenue": 158057000000,
    "costOfRevenue": 140893000000,
    "grossProfit": 17164000000,
    "researchAndDevelopmentExpenses": 0,
    "generalAndAdministrativeExpenses": 0,
    "sellingAndMarketingExpenses": 0,
    "sellingGeneralAndAdministrativeExpenses": 10888000000,
    "otherExpenses": 0,
    "operatingExpenses": 10888000000,
    "costAndExpenses": 151781000000,
    "netInterestIncome": -643000000,
    "interestIncome": 639000000,
    "interestExpense": 1282000000,
    "depreciationAndAmortization": 6493000000,
    "ebitda": 4759000000,
    "ebit": -1734000000,
    "nonOperatingIncomeExcludingInterest": 8010000000,
    "operatingIncome": 6276000000,
    "totalOtherIncomeExpensesNet": -9292000000,
    "incomeBeforeTax": -3016000000,
    "incomeTaxExpense": -864000000,
    "netIncomeFromContinuingOperations": -2152000000,
    "netIncomeFromDiscontinuedOperations": 0,
    "otherAdjustmentsToNetIncome": 0,
    "netIncome": -1981000000,
    "netIncomeDeductions": 0,
    "bottomLineNetIncome": -1981000000,
    "eps": -0.49,
    "epsDiluted": -0.49,
    "weightedAverageShsOut": 4014000000,
    "weightedAverageShsOutDil": 4014000000
  },
  {
    "date": "2021-12-31",
    "symbol": "F",
    "reportedCurrency": "USD",
    "cik": "0000037996",
    "filingDate": "2022-02-04",
    "acceptedDate": "2022-02-03 18:24:07",
    "fiscalYear": "2021",
    "period": "FY",
    "revenue": 136341000000,
    "costOfRevenue": 119903000000,
    "grossProfit": 16438000000,
    "researchAndDevelopmentExpenses": 0,
    "generalAndAdministrativeExpenses": 0,
    "sellingAndMarketingExpenses": 0,
    "sellingGeneralAndAdministrativeExpenses": 11915000000,
    "otherExpenses": 0,
    "operatingExpenses": 11915000000,
    "costAndExpenses": 131818000000,
    "netInterestIncome": -1542000000,
    "interestIncome": 261000000,
    "interestExpense": 1803000000,
    "depreciationAndAmortization": 5960000000,
    "ebitda": 25543000000,
    "ebit": 19583000000,
    "nonOperatingIncomeExcludingInterest": -15060000000,
    "operatingIncome": 4523000000,
    "totalOtherIncomeExpensesNet": 13257000000,
    "incomeBeforeTax": 17780000000,
    "incomeTaxExpense": -130000000,
    "netIncomeFromContinuingOperations": 17910000000,
    "netIncomeFromDiscontinuedOperations": 0,
    "otherAdjustmentsToNetIncome": 0,
    "netIncome": 17937000000,
    "netIncomeDeductions": 0,
    "bottomLineNetIncome": 17937000000,
    "eps": 4.49,
    "epsDiluted": 4.45,
    "weightedAverageShsOut": 3991000000,
    "weightedAverageShsOutDil": 4034000000
  },
  {
    "date": "2020-12-31",
    "symbol": "F",
    "reportedCurrency": "USD",
    "cik": "0000037996",
    "filingDate": "2021-02-05",
    "acceptedDate": "2021-02-04 18:58:09",
    "fiscalYear": "2020",
    "period": "FY",
    "revenue": 127144000000,
    "costOfRevenue": 121359000000,
    "grossProfit": 5785000000,
    "researchAndDevelopmentExpenses": 0,
    "generalAndAdministrativeExpenses": 0,
    "sellingAndMarketingExpenses": 0,
    "sellingGeneralAndAdministrativeExpenses": 10193000000,
    "otherExpenses": 0,
    "operatingExpenses": 10193000000,
    "costAndExpenses": 131552000000,
    "netInterestIncome": -1199000000,
    "interestIncome": 452000000,
    "interestExpense": 1651000000,
    "depreciationAndAmortization": 7457000000,
    "ebitda": 7992000000,
    "ebit": 535000000,
    "nonOperatingIncomeExcludingInterest": -4943000000,
    "operatingIncome": -4408000000,
    "totalOtherIncomeExpensesNet": 3292000000,
    "incomeBeforeTax": -1116000000,
    "incomeTaxExpense": 160000000,
    "netIncomeFromContinuingOperations": -1276000000,
    "netIncomeFromDiscontinuedOperations": 0,
    "otherAdjustmentsToNetIncome": 0,
    "netIncome": -1279000000,
    "netIncomeDeductions": 0,
    "bottomLineNetIncome": -1279000000,
    "eps": -0.32,
    "epsDiluted": -0.32,
    "weightedAverageShsOut": 3973000000,
    "weightedAverageShsOutDil": 3973000000
  },
  {
    "date": "2019-12-31",
    "symbol": "F",
    "reportedCurrency": "USD",
    "cik": "0000037996",
    "filingDate": "2020-02-05",
    "acceptedDate": "2020-02-05 12:01:22",
    "fiscalYear": "2019",
    "period": "FY",
    "revenue": 155900000000,
    "costOfRevenue": 144165000000,
    "grossProfit": 11735000000,
    "researchAndDevelopmentExpenses": 0,
    "generalAndAdministrativeExpenses": 0,
    "sellingAndMarketingExpenses": 0,
    "sellingGeneralAndAdministrativeExpenses": 11161000000,
    "otherExpenses": 0,
    "operatingExpenses": 11161000000,
    "costAndExpenses": 155326000000,
    "netInterestIncome": -240000000,
    "interestIncome": 809000000,
    "interestExpense": 1049000000,
    "depreciationAndAmortization": 8490000000,
    "ebitda": 8899000000,
    "ebit": 409000000,
    "nonOperatingIncomeExcludingInterest": 165000000,
    "operatingIncome": 574000000,
    "totalOtherIncomeExpensesNet": -1214000000,
    "incomeBeforeTax": -640000000,
    "incomeTaxExpense": -724000000,
    "netIncomeFromContinuingOperations": 84000000,
    "netIncomeFromDiscontinuedOperations": 0,
    "otherAdjustmentsToNetIncome": 0,
    "netIncome": 47000000,
    "netIncomeDeductions": 0,
    "bottomLineNetIncome": 47000000,
    "eps": 0.01,
    "epsDiluted": 0.01,
    "weightedAverageShsOut": 3972000000,
    "weightedAverageShsOutDil": 4004000000
  },
  {
    "date": "2018-12-31",
    "symbol": "F",
    "reportedCurrency": "USD",
    "cik": "0000037996",
    "filingDate": "2019-02-21",
    "acceptedDate": "2019-02-21 16:10:10",
    "fiscalYear": "2018",
    "period": "FY",
    "revenue": 160338000000,
    "costOfRevenue": 145732000000,
    "grossProfit": 14606000000,
    "researchAndDevelopmentExpenses": 0,
    "generalAndAdministrativeExpenses": 0,
    "sellingAndMarketingExpenses": 0,
    "sellingGeneralAndAdministrativeExpenses": 11403000000,
    "otherExpenses": 0,
    "operatingExpenses": 11403000000,
    "costAndExpenses": 157135000000,
    "netInterestIncome": -528000000,
    "interestIncome": 700000000,
    "interestExpense": 1228000000,
    "depreciationAndAmortization": 8413000000,
    "ebitda": 13986000000,
    "ebit": 5573000000,
    "nonOperatingIncomeExcludingInterest": -2370000000,
    "operatingIncome": 3203000000,
    "totalOtherIncomeExpensesNet": 1142000000,
    "incomeBeforeTax": 4345000000,
    "incomeTaxExpense": 650000000,
    "netIncomeFromContinuingOperations": 3695000000,
    "netIncomeFromDiscontinuedOperations": 0,
    "otherAdjustmentsToNetIncome": 0,
    "netIncome": 3677000000,
    "netIncomeDeductions": 0,
    "bottomLineNetIncome": 3677000000,
    "eps": 0.93,
    "epsDiluted": 0.92,
    "weightedAverageShsOut": 3953763000,
    "weightedAverageShsOutDil": 3996739000
  },
  {
    "date": "2017-12-31",
    "symbol": "F",
    "reportedCurrency": "USD",
    "cik": "0000037996",
    "filingDate": "2018-02-08",
    "acceptedDate": "2018-02-08 11:41:16",
    "fiscalYear": "2017",
    "period": "FY",
    "revenue": 156776000000,
    "costOfRevenue": 140368000000,
    "grossProfit": 16408000000,
    "researchAndDevelopmentExpenses": 0,
    "generalAndAdministrativeExpenses": 11527000000,
    "sellingAndMarketingExpenses": 0,
    "sellingGeneralAndAdministrativeExpenses": 11527000000,
    "otherExpenses": 0,
    "operatingExpenses": 11527000000,
    "costAndExpenses": 151895000000,
    "netInterestIncome": -729000000,
    "interestIncome": 461000000,
    "interestExpense": 1190000000,
    "depreciationAndAmortization": 8572000000,
    "ebitda": 17921000000,
    "ebit": 9349000000,
    "nonOperatingIncomeExcludingInterest": -4468000000,
    "operatingIncome": 4881000000,
    "totalOtherIncomeExpensesNet": 3278000000,
    "incomeBeforeTax": 8159000000,
    "incomeTaxExpense": 402000000,
    "netIncomeFromContinuingOperations": 7757000000,
    "netIncomeFromDiscontinuedOperations": 0,
    "otherAdjustmentsToNetIncome": 0,
    "netIncome": 7731000000,
    "netIncomeDeductions": 0,
    "bottomLineNetIncome": 7731000000,
    "eps": 1.91,
    "epsDiluted": 1.9,
    "weightedAverageShsOut": 3980105000,
    "weightedAverageShsOutDil": 4001053000
  },
  {
    "date": "2016-12-31",
    "symbol": "F",
    "reportedCurrency": "USD",
    "cik": "0000037996",
    "filingDate": "2017-02-09",
    "acceptedDate": "2017-02-09 08:44:28",
    "fiscalYear": "2016",
    "period": "FY",
    "revenue": 151800000000,
    "costOfRevenue": 135042000000,
    "grossProfit": 16758000000,
    "researchAndDevelopmentExpenses": 0,
    "generalAndAdministrativeExpenses": 0,
    "sellingAndMarketingExpenses": 0,
    "sellingGeneralAndAdministrativeExpenses": 10972000000,
    "otherExpenses": 0,
    "operatingExpenses": 10972000000,
    "costAndExpenses": 146014000000,
    "netInterestIncome": -657000000,
    "interestIncome": 294000000,
    "interestExpense": 951000000,
    "depreciationAndAmortization": 8717000000,
    "ebitda": 16452000000,
    "ebit": 7735000000,
    "nonOperatingIncomeExcludingInterest": -1949000000,
    "operatingIncome": 5786000000,
    "totalOtherIncomeExpensesNet": 998000000,
    "incomeBeforeTax": 6784000000,
    "incomeTaxExpense": 2184000000,
    "netIncomeFromContinuingOperations": 4600000000,
    "netIncomeFromDiscontinuedOperations": 0,
    "otherAdjustmentsToNetIncome": 0,
    "netIncome": 4589000000,
    "netIncomeDeductions": 0,
    "bottomLineNetIncome": 4589000000,
    "eps": 1.16,
    "epsDiluted": 1.15,
    "weightedAverageShsOut": 3973000000,
    "weightedAverageShsOutDil": 3999000000
  },
  {
    "date": "2015-12-31",
    "symbol": "F",
    "reportedCurrency": "USD",
    "cik": "0000037996",
    "filingDate": "2016-02-11",
    "acceptedDate": "2016-02-11 08:13:33",
    "fiscalYear": "2015",
    "period": "FY",
    "revenue": 149558000000,
    "costOfRevenue": 131814000000,
    "grossProfit": 17744000000,
    "researchAndDevelopmentExpenses": 0,
    "generalAndAdministrativeExpenses": 10763000000,
    "sellingAndMarketingExpenses": 0,
    "sellingGeneralAndAdministrativeExpenses": 10763000000,
    "otherExpenses": 0,
    "operatingExpenses": 10763000000,
    "costAndExpenses": 142577000000,
    "netInterestIncome": -461000000,
    "interestIncome": 312000000,
    "interestExpense": 773000000,
    "depreciationAndAmortization": 7966000000,
    "ebitda": 18991000000,
    "ebit": 11025000000,
    "nonOperatingIncomeExcludingInterest": -4044000000,
    "operatingIncome": 6981000000,
    "totalOtherIncomeExpensesNet": 3271000000,
    "incomeBeforeTax": 10252000000,
    "incomeTaxExpense": 2881000000,
    "netIncomeFromContinuingOperations": 7371000000,
    "netIncomeFromDiscontinuedOperations": 0,
    "otherAdjustmentsToNetIncome": 0,
    "netIncome": 7373000000,
    "netIncomeDeductions": 0,
    "bottomLineNetIncome": 7373000000,
    "eps": 1.86,
    "epsDiluted": 1.84,
    "weightedAverageShsOut": 3969000000,
    "weightedAverageShsOutDil": 4002000000
  }
]