[
  {
    "date": "2024-12-31",
    "symbol": "RHP",
    "reportedCurrency": "USD",
    "cik": "0001040829",
    "filingDate": "2025-02-21",
    "acceptedDate": "2025-02-21 14:28:21",
    "fiscalYear": "2024",
    "period": "FY",
    "revenue": 2339501000,
    "costOfRevenue": 1495199000,
    "grossProfit": 844302000,
    "researchAndDevelopmentExpenses": 0,
    "generalAndAdministrativeExpenses": 41819000,
    "sellingAndMarketingExpenses": 71400000,
    "sellingGeneralAndAdministrativeExpenses": 113219000,
    "otherExpenses": 240249000,
    "operatingExpenses": 353468000,
    "costAndExpenses": 1848667000,
    "netInterestIncome": -197418000,
    "interestIncome": 27977000,
    "interestExpense": 225395000,
    "depreciationAndAmortization": 235626000,
    "ebitda": 725641000,
    "ebit": 490015000,
    "nonOperatingIncomeExcludingInterest": 819000,
    "operatingIncome": 490834000,
    "totalOtherIncomeExpensesNet": -196808000,
    "incomeBeforeTax": 294026000,
    "incomeTaxExpense": 13836000,
    "netIncomeFromContinuingOperations": 280190000,
    "netIncomeFromDiscontinuedOperations": 0,
    "otherAdjustmentsToNetIncome": 0,
    "netIncome": 271638000,
    "netIncomeDeductions": 0,
    "bottomLineNetIncome": 271638000,
    "eps": 4.54,
    "epsDiluted": 4.38,
    "weightedAverageShsOut": 59859000,
    "weightedAverageShsOutDil": 63632000
  },
  {
    "date": "2023-12-31",
    "symbol": "RHP",
    "reportedCurrency": "USD",
    "cik": "0001040829",
    "filingDate": "2024-02-23",
    "acceptedDate": "2024-02-23 14:58:11",
    "fiscalYear": "2023",
    "period": "FY",
    "revenue": 2158136000,
    "costOfRevenue": 1449128000,
    "grossProfit": 709008000,
    "researchAndDevelopmentExpenses": 0,
    "generalAndAdministrativeExpenses": 0,
    "sellingAndMarketingExpenses": 0,
    "sellingGeneralAndAdministrativeExpenses": 0,
    "otherExpenses": 255324000,
    "operatingExpenses": 255324000,
    "costAndExpenses": 1704452000,
    "netInterestIncome": -189947000,
    "interestIncome": 21423000,
    "interestExpense": 211370000,
    "depreciationAndAmortization": 211227000,
    "ebitda": 670695000,
    "ebit": 459468000,
    "nonOperatingIncomeExcludingInterest": -5784000,
    "operatingIncome": 453684000,
    "totalOtherIncomeExpensesNet": -205586000,
    "incomeBeforeTax": 248098000,
    "incomeTaxExpense": -93702000,
    "netIncomeFromContinuingOperations": 341800000,
    "netIncomeFromDiscontinuedOperations": 0,
    "otherAdjustmentsToNetIncome": 0,
    "netIncome": 311217000,
    "netIncomeDeductions": 0,
    "bottomLineNetIncome": 311217000,
    "eps": 5.39,
    "epsDiluted": 5.36,
    "weightedAverageShsOut": 57750000,
    "weightedAverageShsOutDil": 58061000
  },
  {
    "date": "2022-12-31",
    "symbol": "RHP",
    "reportedCurrency": "USD",
    "cik": "0001040829",
    "filingDate": "2023-02-24",
    "acceptedDate": "2023-02-24 13:24:32",
    "fiscalYear": "2022",
    "period": "FY",
    "revenue": 1805969000,
    "costOfRevenue": 1226220000,
    "grossProfit": 579749000,
    "researchAndDevelopmentExpenses": 0,
    "generalAndAdministrativeExpenses": 42982000,
    "sellingAndMarketingExpenses": 0,
    "sellingGeneralAndAdministrativeExpenses": 42982000,
    "otherExpenses": 209617000,
    "operatingExpenses": 252599000,
    "costAndExpenses": 1478819000,
    "netInterestIncome": -142656000,
    "interestIncome": 5750000,
    "interestExpense": 148406000,
    "depreciationAndAmortization": 208616000,
    "ebitda": 530745000,
    "ebit": 322129000,
    "nonOperatingIncomeExcludingInterest": 5021000,
    "operatingIncome": 327150000,
    "totalOtherIncomeExpensesNet": -153427000,
    "incomeBeforeTax": 173723000,
    "incomeTaxExpense": 38775000,
    "netIncomeFromContinuingOperations": 134948000,
    "netIncomeFromDiscontinuedOperations": 0,
    "otherAdjustmentsToNetIncome": 0,
    "netIncome": 128993000,
    "netIncomeDeductions": 0,
    "bottomLineNetIncome": 128993000,
    "eps": 2.34,
    "epsDiluted": 2.33,
    "weightedAverageShsOut": 55140000,
    "weightedAverageShsOutDil": 55377000
  },
  {
    "date": "2021-12-31",
    "symbol": "RHP",
    "reportedCurrency": "USD",
    "cik": "0001040829",
    "filingDate": "2022-02-25",
    "acceptedDate": "2022-02-25 13:12:21",
    "fiscalYear": "2021",
    "period": "FY",
    "revenue": 939373000,
    "costOfRevenue": 738674000,
    "grossProfit": 200699000,
    "researchAndDevelopmentExpenses": 0,
    "generalAndAdministrativeExpenses": 38597000,
    "sellingAndMarketingExpenses": 0,
    "sellingGeneralAndAdministrativeExpenses": 38597000,
    "otherExpenses": 220777000,
    "operatingExpenses": 259374000,
    "costAndExpenses": 998048000,
    "netInterestIncome": -119662000,
    "interestIncome": 5685000,
    "interestExpense": 125347000,
    "depreciationAndAmortization": 220357000,
    "ebitda": 155860000,
    "ebit": -64497000,
    "nonOperatingIncomeExcludingInterest": 5822000,
    "operatingIncome": -58675000,
    "totalOtherIncomeExpensesNet": -131169000,
    "incomeBeforeTax": -189844000,
    "incomeTaxExpense": 4957000,
    "netIncomeFromContinuingOperations": -194801000,
    "netIncomeFromDiscontinuedOperations": 0,
    "otherAdjustmentsToNetIncome": 0,
    "netIncome": -176966000,
    "netIncomeDeductions": 0,
    "bottomLineNetIncome": -176966000,
    "eps": -3.21,
    "epsDiluted": -3.21,
    "weightedAverageShsOut": 55047000,
    "weightedAverageShsOutDil": 55047000
  },
  {
    "date": "2020-12-31",
    "symbol": "RHP",
    "reportedCurrency": "USD",
    "cik": "0001040829",
    "filingDate": "2021-02-26",
    "acceptedDate": "2021-02-26 12:58:29",
    "fiscalYear": "2020",
    "period": "FY",
    "revenue": 524475000,
    "costOfRevenue": 551141000,
    "grossProfit": -26666000,
    "researchAndDevelopmentExpenses": 0,
    "generalAndAdministrativeExpenses": 28795000,
    "sellingAndMarketingExpenses": 0,
    "sellingGeneralAndAdministrativeExpenses": 28795000,
    "otherExpenses": 248370000,
    "operatingExpenses": 277165000,
    "costAndExpenses": 828306000,
    "netInterestIncome": -108479000,
    "interestIncome": 7304000,
    "interestExpense": 115783000,
    "depreciationAndAmortization": 215082000,
    "ebitda": -102872000,
    "ebit": -317954000,
    "nonOperatingIncomeExcludingInterest": 14123000,
    "operatingIncome": -303831000,
    "totalOtherIncomeExpensesNet": -129906000,
    "incomeBeforeTax": -433737000,
    "incomeTaxExpense": 27084000,
    "netIncomeFromContinuingOperations": -460821000,
    "netIncomeFromDiscontinuedOperations": 0,
    "otherAdjustmentsToNetIncome": 0,
    "netIncome": -417391000,
    "netIncomeDeductions": 0,
    "bottomLineNetIncome": -417391000,
    "eps": -7.59,
    "epsDiluted": -7.59,
    "weightedAverageShsOut": 54962000,
    "weightedAverageShsOutDil": 54962000
  },
  {
    "date": "2019-12-31",
    "symbol": "RHP",
    "reportedCurrency": "USD",
    "cik": "0001040829",
    "filingDate": "2020-02-25",
    "acceptedDate": "2020-02-25 17:05:08",
    "fiscalYear": "2019",
    "period": "FY",
    "revenue": 1604566000,
    "costOfRevenue": 1083784000,
    "grossProfit": 520782000,
    "researchAndDevelopmentExpenses": 0,
    "generalAndAdministrativeExpenses": 36282000,
    "sellingAndMarketingExpenses": 0,
    "sellingGeneralAndAdministrativeExpenses": 36282000,
    "otherExpenses": 216969000,
    "operatingExpenses": 253251000,
    "costAndExpenses": 1337035000,
    "netInterestIncome": -119851000,
    "interestIncome": 11769000,
    "interestExpense": 131620000,
    "depreciationAndAmortization": 213847000,
    "ebitda": 492236000,
    "ebit": 278389000,
    "nonOperatingIncomeExcludingInterest": -10858000,
    "operatingIncome": 267531000,
    "totalOtherIncomeExpensesNet": -120762000,
    "incomeBeforeTax": 146769000,
    "incomeTaxExpense": 18475000,
    "netIncomeFromContinuingOperations": 128294000,
    "netIncomeFromDiscontinuedOperations": 0,
    "otherAdjustmentsToNetIncome": 0,
    "netIncome": 145794000,
    "netIncomeDeductions": 17500000,
    "bottomLineNetIncome": 145794000,
    "eps": 2.49,
    "epsDiluted": 2.47,
    "weightedAverageShsOut": 51609000,
    "weightedAverageShsOutDil": 51975000
  },
  {
    "date": "2018-12-31",
    "symbol": "RHP",
    "reportedCurrency": "USD",
    "cik": "0001040829",
    "filingDate": "2019-02-26",
    "acceptedDate": "2019-02-26 17:11:34",
    "fiscalYear": "2018",
    "period": "FY",
    "revenue": 1275118000,
    "costOfRevenue": 880488000,
    "grossProfit": 394630000,
    "researchAndDevelopmentExpenses": 0.21677601602361507,
    "generalAndAdministrativeExpenses": 30833000,
    "sellingAndMarketingExpenses": 0,
    "sellingGeneralAndAdministrativeExpenses": 30833000,
    "otherExpenses": -3236000,
    "operatingExpenses": 151709000,
    "costAndExpenses": 1032197000,
    "netInterestIncome": -64492000,
    "interestIncome": 10469000,
    "interestExpense": 74961000,
    "depreciationAndAmortization": 1060849000,
    "ebitda": 352719000,
    "ebit": 351376000,
    "nonOperatingIncomeExcludingInterest": -137107000,
    "operatingIncome": 214269000,
    "totalOtherIncomeExpensesNet": 62146000,
    "incomeBeforeTax": 276415000,
    "incomeTaxExpense": 11745000,
    "netIncomeFromContinuingOperations": 264670000,
    "netIncomeFromDiscontinuedOperations": 0,
    "otherAdjustmentsToNetIncome": 0,
    "netIncome": 264670000,
    "netIncomeDeductions": 0,
    "bottomLineNetIncome": 264670000,
    "eps": 5.16,
    "epsDiluted": 5.14,
    "weightedAverageShsOut": 51294000,
    "weightedAverageShsOutDil": 51507000
  },
  {
    "date": "2017-12-31",
    "symbol": "RHP",
    "reportedCurrency": "USD",
    "cik": "0001040829",
    "filingDate": "2018-02-27",
    "acceptedDate": "2018-02-27 15:53:27",
    "fiscalYear": "2017",
    "period": "FY",
    "revenue": 1184719000,
    "costOfRevenue": 817269000,
    "grossProfit": 367450000,
    "researchAndDevelopmentExpenses": 0.10715199131608423,
    "generalAndAdministrativeExpenses": 33495000,
    "sellingAndMarketingExpenses": 0,
    "sellingGeneralAndAdministrativeExpenses": 33495000,
    "otherExpenses": -998000,
    "operatingExpenses": 145454000,
    "costAndExpenses": 962723000,
    "netInterestIncome": -54233000,
    "interestIncome": 11818000,
    "interestExpense": 66051000,
    "depreciationAndAmortization": 963384000,
    "ebitda": 328383000,
    "ebit": 192996000,
    "nonOperatingIncomeExcludingInterest": -7079000,
    "operatingIncome": 184652000,
    "totalOtherIncomeExpensesNet": -58972000,
    "incomeBeforeTax": 126945000,
    "incomeTaxExpense": -49155000,
    "netIncomeFromContinuingOperations": 176100000,
    "netIncomeFromDiscontinuedOperations": 0,
    "otherAdjustmentsToNetIncome": 0,
    "netIncome": 176100000,
    "netIncomeDeductions": 0,
    "bottomLineNetIncome": 176100000,
    "eps": 3.44,
    "epsDiluted": 3.43,
    "weightedAverageShsOut": 51147000,
    "weightedAverageShsOutDil": 51371000
  },
  {
    "date": "2016-12-31",
    "symbol": "RHP",
    "reportedCurrency": "USD",
    "cik": "0001040829",
    "filingDate": "2017-02-28",
    "acceptedDate": "2017-02-28 12:22:30",
    "fiscalYear": "2016",
    "period": "FY",
    "revenue": 1149207000,
    "costOfRevenue": 796443000,
    "grossProfit": 352764000,
    "researchAndDevelopmentExpenses": 0.14163331758334224,
    "generalAndAdministrativeExpenses": 29143000,
    "sellingAndMarketingExpenses": 0,
    "sellingGeneralAndAdministrativeExpenses": 29143000,
    "otherExpenses": 4161000,
    "operatingExpenses": 138959000,
    "costAndExpenses": 935402000,
    "netInterestIncome": -52406000,
    "interestIncome": 11500000,
    "interestExpense": 63906000,
    "depreciationAndAmortization": 935402000,
    "ebitda": 320749000,
    "ebit": 226672000,
    "nonOperatingIncomeExcludingInterest": -12867000,
    "operatingIncome": 213805000,
    "totalOtherIncomeExpensesNet": -51039000,
    "incomeBeforeTax": 162766000,
    "incomeTaxExpense": 3400000,
    "netIncomeFromContinuingOperations": 159366000,
    "netIncomeFromDiscontinuedOperations": 0,
    "otherAdjustmentsToNetIncome": 0,
    "netIncome": 159366000,
    "netIncomeDeductions": 0,
    "bottomLineNetIncome": 159366000,
    "eps": 3.12,
    "epsDiluted": 3.11,
    "weightedAverageShsOut": 51009000,
    "weightedAverageShsOutDil": 51312000
  },
  {
    "date": "2015-12-31",
    "symbol": "RHP",
    "reportedCurrency": "USD",
    "cik": "0001040829",
    "filingDate": "2016-02-26",
    "acceptedDate": "2016-02-26 13:14:41",
    "fiscalYear": "2015",
    "period": "FY",
    "revenue": 1092124000,
    "costOfRevenue": 766656000,
    "grossProfit": 325468000,
    "researchAndDevelopmentExpenses": 0,
    "generalAndAdministrativeExpenses": 28914000,
    "sellingAndMarketingExpenses": 0,
    "sellingGeneralAndAdministrativeExpenses": 28914000,
    "otherExpenses": -11798000,
    "operatingExpenses": 143297000,
    "costAndExpenses": 909953000,
    "netInterestIncome": -51517000,
    "interestIncome": 12384000,
    "interestExpense": 63901000,
    "depreciationAndAmortization": 114383000,
    "ebitda": 292045000,
    "ebit": 163557000,
    "nonOperatingIncomeExcludingInterest": -1495000,
    "operatingIncome": 162062000,
    "totalOtherIncomeExpensesNet": -62406000,
    "incomeBeforeTax": 99656000,
    "incomeTaxExpense": -11855000,
    "netIncomeFromContinuingOperations": 111511000,
    "netIncomeFromDiscontinuedOperations": 0,
    "otherAdjustmentsToNetIncome": 0,
    "netIncome": 111511000,
    "netIncomeDeductions": 0,
    "bottomLineNetIncome": 111511000,
    "eps": 2.18,
    "epsDiluted": 2.16,
    "weightedAverageShsOut": 51241000,
    "weightedAverageShsOutDil": 51612000
  }
]